<record><leader>00000cas a2200000 a 4500</leader><controlfield tag="001">30804153</controlfield><controlfield tag="007">hd afu---baca</controlfield><controlfield tag="008">940721d18731891nbuwr nea     0    0eng d</controlfield><datafield ind1=" " ind2=" " tag="010"><subfield code="a">sn 94055330 </subfield></datafield><datafield ind1=" " ind2=" " tag="040"><subfield code="a">NVG</subfield><subfield code="b">eng</subfield><subfield code="c">NVG</subfield><subfield code="d">OCL</subfield><subfield code="d">OCLCQ</subfield></datafield><datafield ind1=" " ind2=" " tag="042"><subfield code="a">msc</subfield></datafield><datafield ind1="0" ind2=" " tag="130"><subfield code="a">Omaha weekly Republican (Omaha, Neb. : 1873)</subfield></datafield><datafield ind1="1" ind2="4" tag="245"><subfield code="a">The Omaha weekly Republican.</subfield></datafield><datafield ind1="1" ind2="7" tag="246"><subfield code="a">Omaha Republican</subfield></datafield><datafield ind1=" " ind2=" " tag="260"><subfield code="a">Omaha, Neb. :</subfield><subfield code="b">St. A.D. Balcombe,</subfield><subfield code="c">1873-</subfield></datafield><datafield ind1=" " ind2=" " tag="300"><subfield code="a">volumes</subfield></datafield><datafield ind1=" " ind2=" " tag="310"><subfield code="a">Weekly</subfield></datafield><datafield ind1=" " ind2=" " tag="336"><subfield code="a">text</subfield><subfield code="b">txt</subfield><subfield code="2">rdacontent</subfield></datafield><datafield ind1=" " ind2=" " tag="337"><subfield code="a">microform</subfield><subfield code="b">h</subfield><subfield code="2">rdamedia</subfield></datafield><datafield ind1=" " ind2=" " tag="338"><subfield code="a">microfilm reel</subfield><subfield code="b">hd</subfield><subfield code="2">rdacarrier</subfield></datafield><datafield ind1="0" ind2=" " tag="362"><subfield code="a">Vol. 14, no. 42 (Jan. 11, 1873)-</subfield></datafield><datafield ind1="1" ind2=" " tag="362"><subfield code="a">Ceased in July 1891?</subfield></datafield><datafield ind1=" " ind2=" " tag="580"><subfield code="a">Daily eds.: Omaha daily Republican (Omaha, Neb. : 1873), 1873-1875; Omaha Republican (Omaha, Neb. 1875), 1875-1878; Omaha daily Republican (Omaha, Neb. : 1878), 1878-1886; Omaha Republican (Omaha, Neb. : 1886), 1886-1890.</subfield></datafield><datafield ind1=" " ind2=" " tag="533"><subfield code="a">Microfilm.</subfield><subfield code="b">[S.l :</subfield><subfield code="c">s.n.].</subfield><subfield code="e">1 microfilm reel ; 35 mm.</subfield></datafield><datafield ind1=" " ind2=" " tag="752"><subfield code="a">United States</subfield><subfield code="b">Nebraska</subfield><subfield code="c">Douglas</subfield><subfield code="d">Omaha.</subfield></datafield><datafield ind1="1" ind2=" " tag="775"><subfield code="t">Omaha daily Republican (Omaha, Neb. : 1873)</subfield><subfield code="w">(DLC)sn 94055333</subfield></datafield><datafield ind1="1" ind2=" " tag="775"><subfield code="t">Omaha Republican (Omaha, Neb. : 1875)</subfield><subfield code="w">(DLC)sn 94055479</subfield></datafield><datafield ind1="1" ind2=" " tag="775"><subfield code="t">Omaha daily Republican (Omaha, Neb. : 1878)</subfield><subfield code="w">(DLC)sn 94055480</subfield></datafield><datafield ind1="1" ind2=" " tag="775"><subfield code="t">Omaha Republican (Omaha, Neb. : 1886)</subfield><subfield code="w">(DLC)sn 94055481</subfield></datafield><datafield ind1="0" ind2="0" tag="780"><subfield code="t">Omaha weekly tribune and Republican</subfield><subfield code="w">(DLC)sn 94055329</subfield></datafield><datafield ind1="1" ind2=" " tag="029"><subfield code="a">AU@</subfield><subfield code="b">000022177144</subfield></datafield></record>